% Examples from https://verbosus.com/bibtex-style-examples.html
@ARTICLE{bel,
  author   = {Белых, И.Н.},
  title    = {Лекции по дисциплине «Методы обработки экспериментальных данных»},
  year     = {2021},
  hyphenation = {russian}
}

@BOOK{book,
  author    = {Бендат, Дж. and Пирсол, А.}, 
  title     = {Прикладной анализ случайных данных},
  publisher = {Мир},
  year      = {1989},
  pagetotal = {540},
  hyphenation  = {russian}
}

@Online{dtmf,
  title= {DTMF DECODER REFERENCE DESIGN},
  url =          {https://www.silabs.com/documents/public/application-notes/an218.pdf},
  urldate =      {2021-10-16},
  hyphenation =     {russian}
}